@book{Fencott:CCS:95,
author = {Fencott, C.},
title = {Formal Methods for Concurrency},
year = {1995},
publisher = {International Thomson Computer Press},
address = {Boston, MA, USA},
}

@Article{Clarke:Emerson:temp:logic:82,
author = {Clarke, E. M. and Emerson, E. A.},
title = {Design and synthesis of synchronization skeletons using branching time temporal logic},
journal = {Science of Computer Programming},
volume = {2},
pages = {241--266},
year = {1982},
}

@Book{Huzar:etal:Ada95:98,
author = {Huzar, Z. and Fryźlewicz, Z. and Dubielewicz, I. and Hnatkowska, B. and Waniczek, J.},
title = {Ada 95},
publisher = {Helion},
year = {1998},
address = {Gliwice}
}

@Manual{Ada:Ref:Manual:06,
title = {Ada Reference Manual {ISO}/{IEC} 8652:200y({E}) {E}d. 3},
organization = {Ada Europe},
year = {2006}
}

@Book{SoftwareEngineering,
author = {Sommerville I.},
title = {Software Engineering},
publisher = {},
year = {1982},
address = {}
}

@Book{TechniquesForTheSpecificationOfExternalSystemBehavior,
author = {Davis A.M.},
title = {A comparison of techniques for the specification of external system behavior},
publisher = {Wiley},
year = {},
address = {}
}

@Book{AutomataForModellingReal-timeSystems,
author = {Alur R., Dill, D.},
title = {Automata for modelling real-time systems},
publisher = {},
year = {},
address = {}
}

@Book{MetodyFormalneWInzynieriiOprogramowaniaSystemowCzasuRzeczywistego,
author = {Tomasz Szmuc, Marcin Szpyrka, Radosław Klimek, Konrad Kułakowski, Antoni Ligęza, Piotr Matyasik, Grzegorz J. Nalepa, Jacek Piwowarczyk, Agata Półrola, Grzegorz Rogus, Sławomir Samolej, Wojciech Szmuc, Piotr Szwed, Bartosz Trybus, Bożena Woźna-Szcześniak},
title = {Metody formalne w inżynierii oprogramowania systemów czasu rzeczywistego},
publisher = {},
year = {},
address = {}
}
